@book{horstmann2017core,
  title={Core Java SE 9 for the Impatient},
  author={Horstmann, Cay S},
  year={2017},
  publisher={Addison-Wesley Professional}
}

@misc{tributeToJava,
title = {{A Tribute to Java}},
note = {on-line at: \url{https://medium.com/@elizarov/a-tribute-to-java-c184cd97db8f}},
    author = {Roman Elizarov},
    year = {2018}
}

@misc{oopJava,
title = {{Object Oriented Programming â€“ Java OOPs Concepts With Examples}},
note = {on-line at: \url{https://www.edureka.co/blog/object-oriented-programming/}},
    author = {Aayushi Johari},
    year = {2018}
}
